2850 4634
195 284 244 360 68
425 236 1147 384 urccriamnexccuuel-
1245 313 1252 328 ι

198 431 240 474 ex
262 407 424 498 placentis
445 403 669 494 carpellorum
699 399 847 466 duorum
865 400 1068 473 ‚vicinorum
1090 399 1310 491 adglutinatis

58 552 62 580 ,
140 509 142 517 ⁴
197 496 318 584 lactis)
337 497 479 578 inserta,
492 485 1085 578 horizontalia,‘suliglobosa,arillo
1103 512 1184 555 vero
1207 489 1312 556 desti·

184 603 281 652 tuta.
296 586 466 651 Albumen
477 579 953 669 carnosooleosnmssmbryo
966 580 1150 664 minimus,
1161 579 1205 646 ad
1216 581 1314 646 basin

200 677 406 757 albuminis,
425 691 553 756 rectae,
577 668 875 760 dicotyledoneus,
904 669 1165 759 cotyledonibus
1198 687 1316 736 ovato·

202 767 360 854 oblongis
373 766 454 829 hinc
466 765 574 854 planis
585 763 681 828 illinc
693 760 972 826 conveniusculis.

219 887 227 900 ··
249 856 331 922 Vae.
354 855 475 919 Herbe
489 875 609 918 annuae
625 850 695 940 (32)
712 865 772 914 aut
787 853 958 938 'perennes
980 845 1141 940 (17),seu
1165 849 1318 914 suffrati-

125 971 129 978 ·
205 969 290 1012 cosae
301 943 367 1032 (4),
384 965 483 1008 succo
497 945 605 1007 lacteo
625 942 720 1024 albo,
734 939 842 1004 rarius
860 937 945 1005 ssavo
965 963 1084 1006 croceo
1104 941 1318 1030 seu'sangui·

205 1058 289 1117 neo,
301 1035 395 1098 foetae.
412 1032 554 1098 Radices
571 1031 710 1097 fibrosae.
726 1029 823 1096 Folia
835 1031 978 1115 alterna,
989 1029 1317 1119 simplicia,sessilia

204 1135 263 1191 aut
276 1124 449 1214 petiolata,
465 1123 585 1212 saepiirs
608 1121 682 1186 basi
694 1117 837 1184 'dilatata
857 1137 916 1185 aut
934 1119 1318 1209 semi-ampleximulia,

202 1214 471 1305 pinnatinervin,
487 1236 529 1277 are
554 1215 606 1276 ins
624 1210 855 1300 pinnatiloba,
877 1216 1052 1300 nunqudm
1068 1211 1318 1284 omnindinte·

202 1328 278 1396 gra,
289 1307 376 1394 saepe
388 1303 517 1393 glauca.
528 1235 718 1368 iedunculi
727 1300 882 1387 axillares
893 1317 928 1364 et
939 1301 1134 1366 terminales
1145 1296 1319 1384 ,uniflori,

205 1418 298 1460 nunc
317 1393 460 1460 solitarii
485 1391 660 1472 distantes,
676 1413 769 1456 nunc
792 1391 829 1454 in
857 1391 1050 1493 paniculam
1071 1391 1319 1480 approximati,

206 1500 347 1563 teretes,
359 1481 446 1548 nudi
458 1531 470 1563 ,
481 1503 565 1570 saepe
580 1484 657 1546 ante
680 1479 927 1546 floreseeutram
944 1480 1041 1568 apice
1056 1479 1186 1546 inflexi.
1202 1479 1319 1544 Flores

206 1575 224 1638 f
266 1573 385 1638 acitate
408 1572 544 1659 calycis,
561 1572 632 1638 ime
650 1572 858 1660 petalorum,
872 1571 1059 1653 notabiles,
1080 1573 1167 1658 saep'e
1192 1572 1320 1657 majus·

208 1596 296 1745 cili,
310 1661 397 1744 albi,
414 1659 491 1726 ssavi
507 1677 567 1726 aut
583 1661 700 1742 rubri,
722 1664 897 1748 nunqudm
913 1663 995 1726 vero
1009 1661 1156 1726 cerulei.
1211 1687 1215 1694 ·

254 1753 330 1819 Vm.
354 1752 656 1840 Papaveracearum
670 1772 790 1816 succus
799 1750 926 1818 lacteus
942 1765 993 1817 est
1001 1749 1323 1839 gummosoresino-
1402 1808 1403 1815 ,

153 1897 155 1902 ,
206 1864 278 1924 sus,
291 1842 394 1922 acris,
404 1864 551 1924 amarus,
563 1840 709 1924 fetidus,
718 1839 839 1928 sepitis
852 1857 887 1906 et
897 1844 1080 1930 praesertim
1091 1863 1211 1905 succus
1222 1839 1322 1904 albus

208 1953 275 1998 nec
289 1932 457 1997 coloratus
482 1932 674 1998 eminenter
699 1929 1092 2012 narcoticus,interdirm
1107 1930 1323 1996 sudorificus.

210 2023 338 2088 Omnes
367 2023 489 2086 harum
514 2022 705 2112 plantarum
737 2037 847 2110 partes
882 2021 960 2111 plus
985 2022 1100 2085 minias
1129 2020 1196 2086 hoc
1218 2039 1322 2084 succo

210 2128 391 2194 scatentes,
405 2112 526 2176 barum
542 2111 669 2179 virium
694 2127 773 2176 sunt
797 2110 878 2176 ideo
894 2111 1097 2200 participes,
1112 2109 1323 2175 summitates

211 2217 326 2268 tamen
356 2201 391 2266 vi
419 2201 590 2266 narcoticd
616 2203 784 2290 praecipue
809 2201 959 2290 pollent,
981 2200 1124 2268 Radices
1156 2221 1324 2290 perennes

212 2292 437 2380 quarumdam
450 2307 489 2356 ut
505 2291 694 2358 catharticae
712 2291 864 2357 emeticae
886 2307 946 2354 aut
961 2291 1228 2356 anthelmintice
1239 2289 1326 2353 hinc

213 2379 315 2464 inde,
332 2383 516 2470 praesertim
531 2380 621 2472 apud
636 2383 871 2462 Americauos,
882 2380 1098 2446 adhibentur.
1113 2380 1252 2447 Semina
1264 2394 1326 2444 aut

210 2472 330 2562 potius
345 2471 553 2554 Albumina‚
576 2472 653 2538 oleo
682 2471 804 2562 pingui
825 2470 920 2535 dulci
942 2492 1025 2536 sasso
1046 2493 1108 2535 nec
1127 2471 1200 2535 ullo
1219 2468 1326 2535 modo

213 2561 345 2640 virium¹
352 2561 464 2626 herbae
477 2561 633 2654 participi
643 2578 774 2630 scatent
784 2576 820 2628 et
830 2560 1007 2627 nonnulle
1016 2561 1145 2651 species
1154 2576 1194 2626 ut
1204 2560 1326 2626 Herbe

215 2651 372 2717 Oleiferae
384 2651 647 2718 idebcoluntur.

261 2741 352 2806 Hrsr.
375 2743 425 2808 Ex
437 2742 567 2816 Ordine
581 2742 886 2831 Papaveracearum
902 2741 1120 2809 Dioscorides
1133 2742 1228 2808 norit
1249 2762 1327 2832 spe·

216 2830 286 2896 cies
298 2830 338 2920 6,
353 2831 389 2894 C.
404 2833 580 2896 Baubinus
596 2832 634 2898 15
644 2881 654 2916 ,
666 2833 873 2908 Tournefort
888 2855 928 2920 17
948 2849 1008 2896 aut
1026 2855 1081 2918 19,
1092 2831 1248 2897 Linnaeus
1262 2851 1328 2914 22,

216 2919 415 2987 Wildenow
428 2920 481 2988 25.
493 2922 594 2987 Nunc
605 2921 735 3012 species
747 2921 789 2990 53
806 2921 944 2989 detectae
954 2939 1047 2988 sunt.

264 3009 378 3087 Drsan.
391 3033 490 3075 enoc.
501 3013 804 3099 Papaveracearum
813 3012 940 3100 species
958 3035 992 3076 tt
1005 3013 1041 3075 in
1054 3012 1190 3102 Europe
1198 3011 1329 3076 boreali

218 3114 257 3166 et
266 3099 377 3164 medid
390 3099 557 3178 habitant,
571 3101 609 3164 13
621 3100 1081 3190 inregioneMediterranel,
1096 3123 1132 3166 12
1142 3103 1179 3166 in
1189 3102 1328 3190 regione

221 3189 408 3269 Orientali,
423 3209 440 3254 a
459 3190 494 3252 in
510 3189 652 3272 Sibiril,
665 3190 683 3254 3
697 3191 733 3252 in
746 3190 856 3256 enine
877 3205 936 3256 aut
955 3192 1117 3280 Japonid,
1135 3216 1147 3256 ι
1162 3192 1206 3257 ad
1221 3193 1330 3280 Caput

221 3279 441 3366 Rene-Spei,
471 3302 484 3342 1
512 3279 548 3342 in
577 3279 890 3364 Nove-Hellandid,
911 3279 930 3344 3
955 3281 993 3346 in
1020 3283 1176 3347 Americd
1199 3281 1331 3347 boreali

212 3369 470 3460 ¹(Sanguinaria
492 3386 527 3434 et
551 3369 751 3459 Stylophori
768 3372 799 3455 l,
819 3371 842 3436 6
861 3371 1086 3461 (bocconiae)
1104 3373 1148 3436 ‘in
1171 3373 1331 3438 Ameriola

219 3459 380 3526 calidiori
390 3461 437 3526 cis
449 3476 507 3526 aut
518 3461 1018 3548 transsequaterialiadbucdbm
1027 3479 1168 3552 repertas
1178 3465 1331 3529 fuerunt.

223 3551 290 3619 Sed
310 3549 499 3622 notandum
516 3567 565 3616 est
580 3551 708 3640 specics
728 3552 891 3641 plurimas
910 3576 1039 3619 annuas
1059 3576 1102 3620 ex
1121 3555 1204 3620 orbe
1223 3555 1332 3619 reteri

219 3642 408 3716 certissime
423 3657 528 3722 ortas,
540 3663 617 3704 cum
633 3642 825 3706 Cerealium
842 3643 1033 3709 seminibus
1054 3644 1138 3708 hinc
1157 3643 1242 3708 inde
1256 3665 1334 3734 pro·

247 3747 371 3820 agatae,
386 3733 423 3796 in
437 3732 500 3798 hec
512 3733 921 3821 enumeratione-Europe
932 3733 1333 3823 temperataeadsignatat,

221 3757 335 3892 lorsan
352 3845 392 3886 ex
404 3823 542 3886 Oriente
551 3837 610 3886 aut
619 3823 759 3910 regione
771 3821 1016 3887 Mediterranea
1029 3825 1142 3913 potiirs
1153 3822 1333 3913 indigenas

223 3934 294 3976 esse
307 3921 343 3976 ‘et
356 3912 390 3976 in
409 3913 490 3977 orbe
506 3928 577 3998 toto
599 3934 691 3976 nunc
714 3912 784 3976 lere
800 3913 975 4002 indigenas
990 3912 1101 3982 factas.
1120 3914 1257 4004 Species
1268 3937 1333 3978 an·

204 4001 299 4068 'nuae
318 4002 354 4066 in
366 4003 455 4092 agris
479 4019 512 4070 et
528 3999 629 4068 cultis
650 4001 893 4093 planitierum,
909 3997 1074 4093 perennes
1096 4005 1134 4069 in
1159 4004 1332 4071 montani·
