2850 4634
441 264 777 337 cunctarum
1094 266 1163 360 145

86 388 290 486 longiusculus
305 402 338 452 et
351 385 388 451 in
405 384 596 451 Siliculosis
615 384 834 453 brevissimus
847 403 907 452 aut
919 386 1034 455 nullus
1048 390 1166 457 obser·

83 505 169 551 ratur.
193 484 375 563 Garacteres
397 476 644 543 constantiores
668 492 703 543 et
718 478 856 565 majoris
874 493 915 542 ut
936 477 1072 544 ridetur
1090 503 1166 546 rno-

82 573 168 641 nenti
181 567 301 660 reperti
318 568 458 633 fuerunt
469 568 488 631 a
501 566 679 633 Goertneto
697 584 731 633 et
743 569 780 632 in
797 568 890 633 notis
903 569 1070 658 genericis
1087 573 1107 634 d
1123 571 1166 636 cl.

80 664 147 730 llob.
160 664 274 726 Brown
283 658 432 724 feliciter
441 655 645 737 introducti,
655 658 805 747 excerpti
818 677 897 723 nem
924 660 943 724 e
958 659 1168 725 eSeminum

80 752 184 819 fabrici
192 751 325 815 interna
338 763 373 813 et
383 745 560 837 speciatim
574 748 593 811 ὲ
608 747 677 812 situ
688 748 830 814 relativo
837 750 887 813 lla
912 748 1010 815 iculoe
1021 765 1055 815 et
1065 751 1168 840 Coty·

79 842 233 909 ledonurn.
246 839 294 903 lli
304 854 506 921 caracteres,
522 836 640 920 fateor,
664 838 829 927 plurimas
844 838 1035 927 specierum
1048 862 1170 907 conso-

80 932 219 998 ciationes
235 931 307 1016 jam
330 932 351 991 a
370 928 474 1019 longo
494 942 649 1017 tempore
672 927 842 995 institutas
863 944 898 993 et
919 929 1171 998 consuetudine

80 1020 162 1110 quasi
181 1034 309 1085 sanctas
335 1033 516 1109 rumpunt,
530 1016 590 1083 sed
613 1040 738 1109 genera
764 1041 807 1085 ex
830 1018 874 1083 iis
895 1016 1072 1108 desumpta
1099 1043 1171 1085 non

81 1114 193 1175 tantiam
217 1107 363 1174 certiora
382 1104 443 1173 sed
469 1107 572 1172 etiam
600 1108 710 1175 multo
733 1109 841 1199 magis
855 1122 936 1173 natu
990 1109 1020 1176 'a
1044 1125 1172 1177 etcum

81 1198 183 1267 habitu
211 1197 438 1289 congruentia
465 1196 623 1264 eradunt.
653 1198 695 1263 lu
725 1109 1174 1354 crucifera-*ructari

80 1288 337 1379 raldesingulare
352 1288 441 1353 milri
452 1287 604 1369 ridetur,
621 1288 716 1377 quod
732 1310 852 1355 omnes
863 1287 938 1353 fruc
1057 1290 1175 1355 formas

81 1380 150 1445 hinc
167 1378 246 1445 inde
260 1378 486 1445 observantur
501 1378 691 1466 conjunctas
716 1402 794 1445 cunr
819 1376 982 1444 omnibus
1003 1379 1176 1445 seminum

80 1469 200 1535 fabricis
213 1468 360 1534 internis
370 1516 381 1552 ,
390 1467 476 1533 adeo
488 1483 527 1532 ut
540 1468 569 1532 si
580 1484 731 1549 caracter
749 1469 931 1559 primarius
948 1470 967 1535 ὲ
981 1469 1177 1557 Pericarpio

80 1560 237 1625 institutus
247 1559 293 1627 sit
307 1572 391 1623 tunc
401 1559 437 1621 in
450 1560 586 1646 quaque
598 1558 692 1624 tribu
701 1578 827 1648 genera
835 1558 1026 1625 seminibus
1036 1557 1177 1624 dirersis

80 1650 188 1715 donata
211 1662 454 1715 coacervantur
476 1662 510 1713 et
533 1646 563 1711 si
587 1663 736 1715 caracter
756 1648 937 1739 primarius
965 1650 984 1714 e
1006 1648 1178 1713 seminum

80 1740 227 1805 structura
235 1738 435 1805 instituatur
446 1754 529 1803 tunc
541 1736 578 1802 in
590 1740 725 1827 quaque
738 1738 833 1804 tribu
843 1760 968 1843 genera
979 1739 1179 1829 pericarpiis

80 1828 204 1895 dirersis
218 1828 346 1895 donata
356 1828 576 1918 colliguntur.
589 1830 635 1893 Ut
645 1828 718 1896 haec
725 1828 906 1919 disposttio
921 1828 1017 1894 feres
1042 1828 1182 1893 metrica

81 1920 177 1985 oculis
186 1920 312 1985 clarina
324 1918 612 2008 pateat,tabulam
627 1920 839 2075 synppticam
852 1935 886 1984 et
896 1917 992 2007 qnasi
1050 2002 1053 2008 Ι
1075 1919 1116 1983 ha
1142 1940 1180 1983 o·

81 2008 324 2098 ricamadjunxs
338 2033 347 2093 3
360 2010 397 2073 in
411 2010 452 2073 ed
459 2007 586 2074 Tribus
598 2010 696 2074 Cruc'
715 2031 850 2074 eranum
864 2008 988 2074 ordine
997 2010 1123 2073 vertica
1138 2009 1183 2075 is

82 2100 256 2165 seminibus
271 2113 310 2165 et
332 2098 455 2165 ordine
480 2098 685 2165 horizontali
700 2102 721 2166 e
737 2099 937 2190 pericarpiis
958 2096 1133 2191 disposui,
1148 2114 1184 2165 et

83 2189 142 2254 ind
154 2212 276 2283 genera
289 2202 457 2255 caractere
472 2188 621 2278 quodam
632 2190 703 2255 illis
718 2190 895 2257 communi
912 2190 949 2254 in
965 2188 1109 2255 diversis
1120 2188 1184 2255 tri·

83 2278 135 2343 bus
153 2296 296 2371 cognata
316 2300 411 2345 secus
428 2280 554 2346 lineam
578 2281 717 2345 unicam
737 2278 987 2346 horizontalem
1007 2280 1184 2347 collocari.

82 2368 335 2435 HincBotanico
349 2370 474 2459 cuique
489 2369 589 2435 facile
611 2386 704 2459 patet
727 2370 860 2437 ordinis
881 2394 1000 2437 norma
1018 2370 1064 2436 du
1090 2370 1144 2437 lex
1165 2374 1185 2437 ὁ

82 2461 257 2552 pericarpio
275 2463 400 2550 nempe
412 2476 446 2526 et
462 2460 637 2525 esemine.
650 2460 814 2527 Normam
826 2464 845 2527 ὲ
857 2463 988 2527 semine
1004 2396 1188 2526 dediscam

83 2570 137 2639 ego
147 2567 278 2617 secutus
293 2572 381 2633 sum,
393 2551 525 2639 1⁰.quia
540 2566 748 2617 camcteress
793 2552 893 2616 rmici
906 2553 1094 2641 generatim
1108 2564 1189 2615 sunt

81 2640 229 2706 certiores
252 2666 262 2725 3
292 2648 338 2707 α’.
363 2641 444 2729 quia
468 2661 592 2731 genera
625 2640 736 2731 cotyla
761 2640 887 2707 onibus
916 2640 1188 2729 conduplicatis‚

82 2730 251 2818 spiralibus
263 2746 302 2796 et
314 2730 511 2797 bicruribus
522 2728 648 2794 donata
660 2729 747 2795 adeo
768 2731 858 2795 inter
869 2752 905 2794 se
925 2746 1006 2795 sunt
1018 2728 1134 2794 affinia
1150 2746 1189 2810 ut

82 2818 173 2885 nullo
187 2820 293 2886 rnodo
312 2821 382 2886 sint
401 2820 437 2885 in
453 2817 576 2884 ordine
600 2819 750 2885 naturali
765 2812 978 2923 separabilia.¹
993 2820 1070 2885 Non
1085 2819 1190 2884 maxi·
1277 2886 1281 2894 ,

86 2930 170 2974 mum
190 2926 306 2976 autem
326 2925 540 2976 momentum
563 2909 647 2976 huic
665 2908 878 2975 ordinationi
902 2909 1023 2976 lineari
1046 2906 1188 2993 addidi,

84 2999 1190 3087 nammilriomninoconstatordinemlinearemsempermancum

88 3110 150 3155 csse
162 3107 197 3157 et
210 3090 396 3157 relationes
407 3112 590 3180 corporum
605 3090 813 3157 naturalium
829 3088 953 3156 ordino
964 3106 1086 3242 geogra
1111 3088 1192 3170 bico

89 3184 210 3247 tantirm
232 3178 474 3271 exprimendas
489 3202 561 3247 esse
574 3179 628 3269 (⁴³).
641 3180 674 3247 N
675 3202 722 3246 on
735 3196 848 3246 tantam
864 3177 923 3244 hic
937 3181 966 3245 si
981 3202 1056 3245 eam
1070 3112 1193 3244 discri-

91 3270 172 3334 uina
195 3286 292 3335 tanta
313 3270 401 3336 circa
426 3269 669 3360 cotyledonum
689 3284 890 3337 structuram
911 3270 947 3334 in
969 3269 1092 3335 ordine
1107 3270 1194 3337 adeo

91 3360 226 3426 naturali
255 3360 446 3444 observata,
471 3360 652 3449 paululum
677 3376 862 3427 cancteres
887 3360 1042 3426 classicos
1071 3381 1113 3425 ex
1140 3361 1195 3426 his

92 3450 214 3539 organis
229 3449 429 3541 desumptus
441 3450 633 3517 debilitare.

116 3666 148 3731 l')
163 3670 256 3721 θοιῐοτ
268 3666 371 3720 mne
382 3667 631 3730 cumulanda.
641 3684 666 3735 p.
675 3668 791 3757 3²7⁴&-
