2850 4634
409 397 796 469 runaaracam
1093 418 1159 494 107

85 513 293 585 habendaeiin
309 515 418 607 prima
432 519 618 608 hypothesi
639 520 862 585 Fumariaceae
873 516 980 609 magis
993 515 1037 583 ad
1055 517 1163 608 Papa·

83 628 222 687 reraceas,
240 608 274 671 in
292 610 438 674 secunda
454 610 559 699 magis
573 609 613 675 ad
625 612 814 675 Cruciferas
830 610 1039 675 accederent.

115 699 175 762 Drr.
197 698 318 763 Plantae
337 698 481 777 subboc
494 699 615 766 ordine
630 702 883 790 comprehensae
895 693 1037 764 unicum
1056 721 1164 793 genus

82 788 178 851 meriti)
195 786 378 853 indivisum
400 790 650 855 constituebant
663 794 740 855 oiim
754 792 842 855 intra
858 792 1162 879 Papaveracearum

81 876 208 941 ordinem
226 878 375 942 confusae
400 880 639 961 remanebant,
666 904 744 945 nam
772 882 862 946 iuter
878 902 913 945 se
940 880 1044 969 magis
1068 896 1165 944 erant
1262 910 1266 921 ¹

77 964 181 1045 affines,
195 970 291 1055 quam
305 990 384 1033 cum
400 970 634 1059 Papaveraceis
645 973 753 1053 veris3
769 970 827 1036 sed
844 974 922 1035 ciun
938 969 1163 1033 ordoFuma·
1262 1044 1266 1053 ι

78 1056 232 1120 riarearom
244 1055 426 1123 distinctus
437 1058 731 1144 admittitur,tunc
743 1062 871 1151 species
881 1077 960 1124 sunt
971 1058 1164 1148 separandae

78 1143 104 1205 iu
119 1168 223 1232 genera
251 1150 420 1213 nonnulla
434 1171 474 1215 ex
487 1138 607 1215 habitu
621 1168 655 1217 et
677 1151 903 1217 caracteribus
925 1151 1106 1214 constituta
1128 1164 1165 1215 et
1272 1180 1279 1210 r

77 1238 135 1300 reri
148 1236 319 1303 naturalia.

182 1430 623 1520 CONSPECTUS
668 1434 1017 1521 GENERUM.

78 1636 98 1679 1.
116 1614 285 1682 Dicar-rna.
311 1617 422 1683 Petala
442 1622 515 1701 4st
538 1621 704 1685 exteriora
727 1620 801 1685 basi
816 1620 991 1708 aequaliter
1004 1621 1165 1685 calcarata

106 1721 153 1767 aut
164 1706 316 1795 gibbosa.
328 1708 458 1798 Siliqua
470 1709 611 1774 bivalvis
623 1711 847 1801 polysperma.

75 1816 97 1858 a.
114 1798 267 1863 Antonia.
296 1799 410 1863 Petala
428 1801 497 1877 ain
515 1801 676 1865 corollam
701 1796 953 1891 monopetalam
966 1799 1038 1863 basi
1055 1799 1165 1952 biqib-

106 1884 205 2037 belsam
238 1888 421 1979 fungosam
446 1892 683 1979 persistentem
707 1891 842 1956 coalita.
869 1891 998 1979 Siliqua
1023 1890 1099 1954 biva
1114 1890 1166 1953 vis

173 1999 186 2040 s
208 2000 316 2043 erma.

74 1996 334 2133 spiriricmsos.
366 2069 479 2135 Petala
501 2074 543 2155 ti,
565 2070 707 2137 unicum
741 2070 814 2136 bati
841 2069 997 2159 gibbum.
1021 2068 1164 2159 Capsula

103 2154 245 2223 vesicaria
258 2158 487 2249 polysperma.

73 2244 304 2317 artensius.
330 2250 439 2314 Petala
456 2254 496 2333 4,
520 2251 660 2315 unicum
690 2252 764 2317 basi
792 2249 1004 2316 calcaratum.
1033 2248 1166 2339 Siliqua

105 2332 228 2402 biialvis
239 2362 434 2429 compressa
446 2342 669 2431 polysperma.

74 2420 94 2483 5.
112 2422 342 2494 Sancocarraos.
367 2432 479 2496 Petale
493 2436 513 2509 4
525 2480 534 2514 ,
547 2432 688 2497 unicum
705 2431 778 2497 basi
789 2430 1004 2496 calcaratum.
1022 2429 1166 2520 Capsula

105 2516 233 2581 amalvis
249 2518 472 2587 indehiscans
488 2542 669 2611 a-sperma.

69 2598 92 2661 6.
111 2602 265 2673 Furiam.
296 2608 448 2674 Petalurn
466 2612 608 2675 unicum
624 2610 695 2675 basi
711 2610 857 2700 gibbum
875 2625 935 2674 aut
949 2608 1167 2674 calcaratum.

103 2692 256 2785 Cariopsis
271 2697 494 2764 iudehiscens
512 2724 691 2788 1=sperma.

440 2865 466 2931 1.
498 2866 766 2931 DICLYTRA.

131 3029 153 3085 F
154 3034 272 3089 umarire
288 3050 333 3107 sp.
344 3034 424 3088 Rar.
434 3032 504 3091 ert.
514 3034 530 3087 J
534 3050 592 3089 uss.
603 3033 680 3087 Lair.
693 3062 734 3073 -
743 3029 936 3105 Capnorchia.
948 3032 1066 3089 Eornu.
1076 3033 1170 3109 iugat-

173 3116 199 3171 b.
223 3135 246 3173 ι.
266 3134 301 3189 p.
320 3112 391 3190 39¹·
407 3144 444 3159 -
460 3115 650 3171 Bieueuilata.
665 3117 793 3170 Marco.
807 3132 867 3168 non
887 3115 961 3171 liar.
976 3145 1016 3155 —
1034 3114 1168 3189 Diciytra

169 3208 197 3252 et
208 3196 405 3271 Capraorrhis.
416 3198 556 3253 Bononia.
565 3198 595 3253 in
609 3200 705 3252 Roem.
715 3196 797 3251 areli.
813 3212 841 3251 2.
849 3217 885 3271 p.
899 3196 949 3264 46.
961 3227 1001 3238 -
1011 3196 1169 3271 Corydalis

170 3298 212 3352 sp.
234 3282 335 3337 Nica.
353 3282 452 3335 Vsnr.
467 3282 564 3336 liurr.
578 3280 681 3335 Honn.
693 3310 736 3321 —
750 3278 930 3338 Cucullaria.
945 3277 1021 3337 Rar.
1035 3281 1067 3335 in
1081 3282 1168 3337 oeso.

164 3364 267 3432 joam,
280 3377 311 3417 2.
316 3382 354 3437 p.
373 3358 438 3441 169.
449 3380 507 3417 nou
520 3362 654 3419 Souras.

104 3490 213 3557 Fruar.
237 3491 351 3556 Patala
371 3496 408 3573 4,
424 3491 552 3571 libera,
577 3488 744 3569 decidua,
761 3490 928 3571 cruciata,
954 3511 972 3555 a
1002 3489 1171 3555 exteriora

71 3582 190 3669 aqualia
203 3584 275 3647 basi
295 3582 397 3671 gibba
413 3598 472 3645 aut
488 3582 525 3644 in
543 3580 653 3645 calcar
670 3579 844 3669 producta.
868 3581 1018 3645 Stamina
1046 3583 1085 3660 6,
1109 3596 1168 3643 aut

71 3670 192 3736 onininb
215 3673 323 3738 libera
339 3688 373 3737 et
389 3673 423 3735 in
443 3672 627 3763 phalanges
643 3668 726 3735 diras
747 3671 918 3760 oppositas
933 3669 1168 3759 approximate
1263 3748 1266 3753 Ι

71 3776 116 3823 aut
133 3764 223 3849 apice
252 3764 287 3826 in
315 3762 490 3851 adelphius
508 3762 591 3825 duas
609 3762 729 3827 coalita
747 3779 780 3825 et
794 3760 866 3825 basi
892 3760 1010 3824 libera.
1029 3759 1168 3847 Siliquae

73 3844 220 3935 biralves,
249 3852 480 3931 dehiscentes,
510 3852 797 3941 oriali-oblongae,
822 3873 1042 3939 compressa,
1070 3848 1168 3939 poly-
1203 3886 1206 3893 ·

70 3958 200 4005 termae.
363 3946 380 3995 i
864 3950 875 3959 '

83 3958 180 4095 pVas.
205 4030 325 4097 Herbae
355 4054 550 4123 perennes,
578 4032 751 4096 radicibus
779 4029 947 4096 tuberosis
984 4028 1168 4094 fibrosisve.

76 4112 155 4183 Folia
180 4120 355 4213 petiolata,
379 4121 569 4211 multifida,
585 4123 707 4213 saepius
735 4122 851 4189 omnia
866 4120 1048 4203 radicalia,
1076 4140 1169 4183 nunc
