2850 4634
183 262 229 344 [μ
404 258 664 326 nrcorrr..
692 277 769 326 ssu
793 255 1072 327 arccana.

184 377 337 443 radicula
352 377 423 466 ipsa
436 377 591 444 orbatum
608 399 700 462 esse;
716 375 872 444 eamdem
894 379 1098 444 sententiam
1114 380 1301 446 anatomiis
1411 368 1412 393 l

184 468 254 532 suis
278 467 508 534 subtilissimis
524 469 627 558 paulis
644 484 721 558 post
742 465 956 533 confirmarit
980 470 1021 534 cl.
1047 468 1303 559 Mirbet(1)et
1411 518 1412 521 κ

184 559 392 646 compararit
413 575 613 625 structuram
631 559 773 626 seminis
788 558 966 625 Nelumbii
982 559 1066 643 hinc
1077 581 1156 625 cum
1170 562 1303 652 Amyg-

185 647 255 714 dali
268 649 417 734 semine,
437 649 535 715 illinc
551 673 628 716 cum
645 650 766 739 Pipere
782 666 818 714 et
833 650 1002 732 Saururo3
1015 649 1172 740 probavit
1191 651 1314 730 etiam,

183 755 388 805 structuram
417 741 521 806 caulis
542 741 712 830 Exogonis
736 762 807 817 esse
832 741 1033 830 analogiam
1046 741 1302 806 oculatissimus

181 831 308 897 Correa
316 830 363 918 (a)
376 832 566 898 concedens
576 826 801 897 Nelumbidm
813 853 885 896 esse
896 822 1303 921 exogeuum‚contendit
1411 908 1412 913 γ

182 937 294 1010 partes
315 943 377 1010 pro
400 922 657 1011 cotyledonibus
670 921 714 987 ab
739 922 816 986 aliis
829 921 961 986 habitas
975 922 1147 987 Radiculae
1166 944 1302 990 meram
1411 918 1412 997 Ϊ

182 1031 255 1076 esse
278 1011 519 1100 expansionem
533 1029 568 1076 et
582 1011 801 1100 cotyledones
813 1032 908 1076 veras
929 1011 1039 1076 nullas
1054 1013 1091 1099 iu
1109 1012 1301 1078 Nelumbio

182 1115 223 1163 ut
249 1101 286 1164 in
315 1103 459 1168 euscurt
481 1103 613 1185 adesse;
627 1103 756 1168 interea
776 1102 817 1168 cl.
839 1101 973 1167 lussieu
989 1102 1190 1192 Nymphaeus
1203 1103 1302 1168 inter
1411 1148 1412 1157 η

179 1187 525 1280 Monocotyledoneas
533 1194 703 1258 recensuit
717 1208 752 1257 et
762 1194 968 1283 Carpologus
978 1199 1133 1258 summus
1145 1192 1302 1258 Richard
1411 1226 1412 1235 .

180 1279 358 1348 Nelumbii
374 1299 408 1348 et
422 1284 615 1372 Nymphaea
634 1299 834 1348 structuram
846 1283 961 1348 denuo
974 1283 1156 1348 observans
1171 1282 1218 1370 (3)
1231 1304 1301 1372 pro
1411 1306 1412 1353 l

181 1371 384 1459 cotyledone
398 1373 499 1438 unica
512 1373 901 1440 aslmittitmembranam
915 1374 1113 1476 stipularem
1125 1377 1144 1436 i
1154 1374 1302 1438 Poiteau
1411 1370 1412 1407 ³

179 1459 407 1542 observatam,
421 1485 483 1550 pro
493 1463 692 1554 hypoblasto
703 1481 815 1568 partes
821 1486 905 1553 quas
911 1464 968 1528 alis
981 1462 1046 1529 sub
1053 1461 1302 1552 cotyledonum
1411 1508 1412 1511 ,

182 1552 324 1618 nomine
345 1551 536 1618 habuerant
563 1570 597 1620 et
619 1553 717 1622 lloccr
740 1555 821 1620 facit
850 1570 1032 1620 caracteres
1055 1576 1098 1618 ex
1123 1553 1302 1618 anatomia
1411 1590 1412 1597 .

179 1640 286 1706 caulis
326 1639 511 1727 deductos3
532 1643 627 1710 Idem
656 1646 888 1735 sagacissimus
916 1644 1113 1709 observator
1149 1643 1303 1708 feliciter

179 1728 310 1796 indicat
332 1734 521 1823 analogiam
546 1735 868 1826 Nymphaeacearum
890 1757 970 1799 cum
992 1731 1239 1824 Hydropeltide
1264 1749 1302 1798 et

181 1808 365 1905 Cabomba.
380 1859 425 1874 -
437 1825 477 1888 ln
495 1827 586 1890 tanta
600 1849 621 1892 o
646 1827 805 1893 inionum
817 1825 1012 1891 diversitate
1030 1824 1303 1912 Nymphaeaceas

179 1927 256 2065 ppst
264 1913 389 2016 iterata
403 1916 557 2070 ειῖωἰηει
572 1932 606 1982 et
622 1850 743 2021 longas
764 1916 996 2072 dpbitsstiones
1011 1914 1102 1980 inter
1119 1915 1301 2017 &egenas

178 2023 197 2063 a
225 2013 402 2070 mrtt0:1⁰.
427 2029 447 2070 o
495 2021 701 2072 anatomiam
728 2028 834 2073 cauas
888 2027 931 2071 xo
954 2027 1034 2070 enas
1108 2008 1176 2068 trias
1214 2006 1300 2068 uam

179 2090 380 2183 Endogenas
403 2096 605 2162 referentem
619 2106 687 2180 32⁰.
704 2098 750 2162 cb
766 2027 985 2186 cotyledoties
998 2118 1018 2159 a
1030 2026 1300 2184 opldositailmeo

179 2203 282 2250 sensu
303 2185 479 2251 evidenter
499 2187 536 2250 in
557 2187 747 2278 Nymphaea
772 2204 807 2252 et
827 2187 990 2276 Nuplrare
1011 2186 1102 2250 intra
1122 2183 1299 2248 sacculum

179 2273 375 2364 embryonis
390 2276 466 2340 sitas
488 2293 523 2343 et
534 2276 571 2340 in
584 2277 770 2343 Nelumbio
785 2276 975 2368 plumulam
991 2275 1098 2364 ipsam
1111 2272 1301 2338 includen-

180 2378 239 2428 tes.
258 2365 302 2428 30.
318 2366 371 2432 Ob
394 2381 594 2432 structuram
611 2365 703 2433 floris
719 2367 802 2432 hinc
820 2367 865 2431 ad
880 2366 1035 2431 Poeonias
1049 2363 1303 2454 Magnoliasre,

181 2451 280 2520 illinc
295 2455 339 2520 ad
354 2457 557 2545 Papaverem
585 2459 665 2523 satis
689 2457 918 2522 accedentem.
942 2458 989 2534 4⁰.
1015 2455 1070 2519 Ob
1092 2470 1301 2520 structuram

180 2541 311 2612 fructus
320 2561 356 2610 et
369 2547 533 2636 stigmatis
557 2549 718 2637 Papaveri
736 2547 834 2612 valde
850 2546 1010 2611 similem.
1026 2543 1070 2610 5⁰.
1085 2545 1140 2608 Ob
1157 2566 1301 2608 succum
1411 2580 1412 2605 ;

181 2633 434 2721 lactescentem,
449 2637 599 2726 foliaque
609 2638 841 2722 convolutira,
851 2651 1035 2702 caracteres
1048 2635 1087 2698 in
1098 2633 1301 2723 Endogenis

182 2724 337 2792 nondum
353 2725 554 2794 observatos.
570 2729 648 2795 Haec
664 2751 747 2794 mem
758 2726 938 2817 opinionis.
947 2713 1172 2792 fundamenta
1186 2724 1300 2790 fusius
1411 2748 1412 2769 ¹

183 2837 317 2904 expono
334 2817 371 2882 in
391 2818 626 2884 dissertatione
651 2819 761 2908 prima
786 2819 899 2907 operis
919 2815 1004 2882 dicti
1026 2808 1192 2879 Mdmoiras
1209 2837 1302 2904 pour
1411 2824 1412 2881 i

182 2903 313 2970 servire
328 2907 420 2974 aaut.
440 2921 507 2974 nat.
524 2907 689 2998 dedignat
701 2901 837 2996 cegdml
844 2907 901 2996 (d).

226 2995 305 3060 Ans.
327 2997 422 3062 Ordo
443 2999 726 3076 naturalissimus,
742 2999 815 3063 imo
828 2996 1051 3062 caracteribus
1066 2993 1215 3060 insolitis
1224 2993 1299 3059 dis·
1411 3070 1412 3075 γ

182 3083 325 3166 tinctus,
342 3087 400 3150 sed
413 3088 557 3152 omnino
568 3087 701 3153 medius
714 3111 755 3152 ex
768 3086 862 3150 {loris
872 3090 1040 3151 structura
1055 3085 1145 3150 inter
1155 3085 1299 3148 llanun-

142 3247 151 3264 ,
183 3174 334 3240 culaceas
348 3191 382 3240 et
395 3178 652 3265 Papaveraceas,
664 3175 745 3242 ideo
756 3176 901 3266 primam
914 3175 1166 3263 secundamque
1177 3174 1299 3237 Thala·
1411 3204 1412 3211 ¹

184 3263 395 3330 millorarum
413 3269 568 3333 cohortes
590 3269 747 3358 jungens.
762 3266 887 3332 Tribus
900 3268 1010 3356 prima
1023 3266 1067 3330 ad
1082 3264 1299 3330 Renuncrssa·

183 3377 281 3438 ceas,
308 3357 458 3422 secunda
492 3357 535 3422 ad
563 3358 807 3448 Papaveraceas
842 3359 986 3422 omnino
1019 3354 1203 3437 accedunt,
1234 3351 1296 3418 sed

183 3445 406 3512 Nelumbium
428 3448 620 3537 Nymphaeae
641 3447 727 3513 adel)
746 3463 795 3512 est
810 3448 924 3513 simile
940 3463 980 3511 ut
992 3469 1110 3511 earum
1131 3444 1300 3534 separatio

186 3535 376 3625 unicuique
401 3537 621 3626 impossibilis
640 3538 807 3606 rideatur.
826 3537 969 3604 Paeonia
984 3537 1125 3602 Moutan
1144 3551 1237 3598 torus
1260 3534 1298 3596 in

186 3627 363 3694 urceolum
382 3629 471 3694 circa
484 3630 596 3695 oraria
611 3629 759 3696 clevatus
773 3631 844 3695 lere
858 3627 990 3692 accedit
1000 3626 1046 3690 ad
1062 3641 1298 3714 tegumentum

218 3816 255 3882 (ι)
273 3821 333 3864 Anu.
343 3833 400 3864 mus.
410 3819 465 3864 hist.
474 3801 521 3866 int.
534 3817 571 3864 13.
579 3833 604 3880 p.
612 3819 667 3874 465.
677 3828 695 3864 t.
707 3818 747 3872 34.
757 3829 781 3865 st
793 3819 830 3864 16.
839 3817 928 3880 pm.
938 3826 964 3864 et
972 3815 1029 3871 453.
1040 3825 1058 3860 t.
1070 3828 1100 3875 19
1110 3823 1135 3860 et
1145 3826 1184 3861 ao.

218 3883 258 3940 (a)
274 3884 335 3930 Anu.
349 3899 408 3930 mus.
419 3883 473 3929 hist.
489 3894 537 3930 nat.
549 3887 586 3938 ¹⁴·
596 3899 621 3945 p.
630 3891 668 3944 74.
680 3893 696 3929 t.
711 3886 735 3928 8.

218 3947 255 4010 (3)
272 3947 337 3994 Anal.
348 3947 414 3994 fruit.
426 3948 528 4010 moltp.
539 3955 630 4010 [ιι-77.
642 3949 736 3999 etna.
745 3963 804 3996 nna
817 3963 854 4008 17·
868 3963 893 4009 p.
904 3945 959 3994 230.
969 3955 987 3993 t.
997 3944 1011 3993 5
1021 3955 1104 4008 στρος
1118 3959 1143 4007 p·
1157 3948 1213 4006 477·

218 4013 256 4078 (a)
271 4013 352 4069 1:140.
365 4012 476 4075 Genera,
489 4018 560 4062 stac.
