2850 4634
204 189 278 279 eqo
419 163 679 262 'orcorrn
704 209 783 262 sau
808 193 1079 263 txoceun.

202 331 331 403 pressa,
341 312 452 380 rariits
463 311 682 380 iudehisceus
692 329 782 382 teres
797 329 857 380 aut
872 311 1089 403 pedicellrtt,
1104 313 1310 405 marginibus

204 423 300 468 nuuc
313 403 414 468 rectis
428 417 464 468 et
477 419 561 468 tuuc
579 403 725 488 linean‘s,
739 425 834 470 nuuc
851 404 995 472 sinuatis
1011 403 1211 494 regulariter
1228 405 1314 468 inter

207 493 338 558 semina
356 495 533 560 coarctatis
557 510 593 559 et
614 511 699 559 tunc
722 494 834 560 ntonr‘li
846 497 941 560 ermis
960 493 1097 560 dicitur.
1119 495 1254 558 Semina
1280 495 1314 557 in
1378 505 1379 542 l

178 589 345 671 lquoque
367 582 481 650 loculo
499 583 715 665 uniserirlia,
738 607 805 675 pen
832 585 906 665 ula,
925 605 1000 652 com
1026 605 1133 666 ressa,
1159 587 1247 674 saepe
1269 583 1317 648 all

60 757 66 764 .
199 671 464 741 membranacea
487 674 609 742 cincta.
632 673 861 764 Cotyledones
886 607 1040 740 radicale
1053 673 1159 762 duplo
1182 689 1217 740 et
1235 673 1318 738 ultra

207 763 396 853 longiores,
410 764 574 843 lineares,
596 765 843 856 integerrimae,
869 765 1125 848 incumbentes,
1142 763 1195 828 bis
1211 779 1317 828 trans·

204 855 302 920 verse
310 851 427 922 medio
442 855 572 945 plicatae
583 872 619 922 et
629 856 709 922 ideb
721 855 856 921 bieures
866 854 965 921 dicte
978 853 990 944 (
1001 878 1023 921 o
1038 851 1055 944 ΙΙ
1081 853 1099 941 ΙΙ
1127 853 1143 942 ΙΙ
1158 853 1184 944 ).

255 941 338 1008 Vae.
359 943 482 1015 Herbe
496 967 616 1012 annuee
630 964 689 1010 aut
707 947 912 1012 suffrutices.
938 943 1048 1011 Radix
1071 943 1181 1010 exilis.
1208 941 1319 1006 Cauiis

211 1048 315 1117 teres,
330 1055 494 1102 ramosus.
502 1035 601 1102 Folia
608 1036 706 1102 valde
718 1037 820 1102 varia.
835 1037 974 1102 Racemi
990 1033 1147 1126 elongati.
1158 1031 1320 1099 Pedicelli

82 1159 92 1192 t
209 1121 401 1279 fililopmm,
416 1126 607 1193 ebracteati.
627 1127 745 1194 Flores
759 1126 856 1211 flavi,
870 1127 956 1212 albi,
969 1125 1059 1192 rosei
1078 1143 1137 1190 aut
1150 1126 1240 1214 saepe
1252 1121 1322 1188 laete

210 1235 298 1280 cecru
313 1237 358 1282 er.

256 1305 331 1372 Ors.
347 1306 463 1398 Genus
477 1307 690 1373 multiforme
705 1324 739 1374 et
752 1309 788 1372 in
803 1323 975 1398 posterum
985 1303 1214 1373 dividendum
1227 1305 1236 1370 !
1247 1303 1321 1370 Sec-

215 1394 327 1462 tioues
340 1396 429 1461 iniri
431 1399 628 1554 propositas
640 1399 677 1462 in
689 1398 795 1464 unico
806 1413 919 1464 tamen
939 1420 1062 1489 genere
1076 1395 1228 1475 retinui,
1248 1397 1324 1482 quia

215 1491 1324 1670 ttttittttblmtssitstlttttliittttttsslt

215 1663 377 1734 videntur
391 1684 424 1734 et
440 1669 532 1735 inter
548 1693 602 1751 se,
617 1669 762 1736 omuino
779 1684 815 1735 et
826 1691 922 1760 teque
931 1670 1007 1756 jure
1017 1682 1189 1823 utfenera
1202 1666 1240 1730 in
1256 1664 1327 1730 aliis

220 1757 353 1826 ordinis
368 1759 577 1827 sectionibus
590 1760 635 1826 ab
647 1760 808 1827 omnibus
820 1759 1046 1826 auctoribusa
1073 1758 1188 1841 missa,
1205 1755 1328 1822 discre-

219 1865 314 1936 pant.
326 1848 382 1914 sic
398 1850 488 1918 iuter
502 1849 691 1923 Crueileras
706 1849 963 1942 Diplecclobeas
977 1851 1188 1938 Carponema
1209 1869 1327 1935 reprae-

218 1954 328 2003 sentat
355 1939 603 2029 sisymbrium,
627 1941 878 2030 Selenocarpesa
915 1939 1113 2020 bunarium,
1139 1936 1327 2002 Orthoselis

219 2028 406 2094 Ambidem
418 2053 480 2096 seu
490 2029 749 2113 Cardaminem,
762 2030 979 2096 Laneeolaria
988 2028 1200 2108 lienteriam,
1211 2029 1329 2114 Carpo·

219 2117 364 2208 podium
376 2119 640 2209 Stauleyamseu
652 2117 1151 2211 Macropodiun,utinaadcm
1162 2103 1329 2182 divisione

219 2207 486 2302 Bracbycerpum
522 2211 740 2278 Seurbieram
777 2209 1060 2294 Riseutellamve,
1090 2223 1124 2273 et
1152 2205 1329 2272 Subularia

223 2297 514 2383 Dmbamfleiert.
1212 2297 1216 2304 ’
1380 2361 1381 2380 ,

268 2389 353 2454 lla».
368 2389 575 2481 Heliophiloe
588 2412 706 2456 omnes
720 2389 756 2454 in
768 2389 880 2458 Africa
890 2388 1028 2456 australi
1041 2387 1268 2478 extratropicl
1277 2407 1330 2452 seu
1380 2423 1381 2432 κ

178 2527 182 2534 -
225 2480 368 2570 regione
381 2481 484 2588 vulpe
496 2481 640 2572 Gapeusi
654 2481 746 2546 dicul
756 2481 920 2546 habitant.
936 2479 1044 2546 Unica
1055 2478 1184 2568 species
1200 2498 1243 2542 ex
1254 2475 1328 2540 Per·
1380 2465 1381 2482 ¹

223 2571 274 2634 sil
293 2589 366 2636 orta
388 2586 423 2636 et
437 2591 475 2636 ιιι
496 2571 564 2636 boc
577 2593 702 2662 genere
728 2569 771 2636 ab
797 2571 977 2648 autoribus,
999 2583 1148 2658 recepta,
1173 2565 1330 2632 severiori

228 2661 379 2726 examini
396 2657 549 2746 subdita,
563 2661 723 2726 Arabidis
747 2677 930 2727 caracteres
953 2657 1111 2726 exhibuit
1124 2683 1134 2741 ς
1149 2657 1239 2722 hanc
1260 2653 1331 2722 ideb

226 2750 271 2816 ad
284 2749 469 2818 Ambidem
483 2751 661 2833 transtuli,
673 2769 710 2817 ct
728 2773 834 2842 genus
851 2749 1058 2842 Heliopbilu
1081 2749 1167 2840 pure
1186 2747 1331 2836 Capenae

229 2859 394 2908 remanet.

195 2946 202 2954 “
275 2931 367 2998 lltsr.
390 2927 525 3022 Specles
559 2955 578 2998 a
611 2935 744 2996 ιιιιιῑίιιιι
780 2931 981 2997 memoravit
1002 2927 1178 3008 Liuntcus,
1200 2923 1332 2992 Wilde-

228 3025 361 3088 ncwius
379 3046 437 3105 ra,
449 3022 654 3088 Persoouius
667 3023 705 3086 iu
722 3021 863 3087 diversis
876 3017 1057 3110 generibus
1077 3023 1130 3098 ²4·
1145 3017 1246 3083 Nunc
1259 3035 1330 3102 spe·

228 3115 298 3180 cies
309 3125 353 3194 40
366 3115 442 3201 plirs
462 3114 577 3180 minus
599 3129 695 3177 notas
716 3131 907 3176 recenseam
921 3135 930 3192 ς
942 3133 985 3174 ex
997 3109 1041 3174 iis
1058 3107 1129 3172 vidi
1144 3107 1186 3172 38
1205 3121 1240 3170 et
1259 3107 1277 3168 8
1296 3103 1328 3166 in

229 3205 405 3270 autoribus
418 3201 598 3285 indicatas,
610 3204 790 3267 rixantem
803 3199 985 3288 descriptas
995 3248 1004 3280 ,
1015 3197 1058 3262 ad
1069 3197 1195 3262 calcem
1206 3191 1329 3285 generis

227 3294 364 3360 admisi.
378 3295 452 3359 lloc
461 3293 651 3382 specierum
677 3293 925 3356 incrementum
947 3289 1102 3378 provenit
1121 3309 1191 3352 non
1207 3287 1329 3350 tantum

231 3383 511 3476 &speciminibus
528 3383 564 3447 in
581 3383 714 3448 Musteis
733 3381 833 3447 variis
879 3383 1038 3445 raesertlm
1065 3375 1252 3442 Brulsiano
1267 3395 1330 3438 scr·

230 3475 315 3540 ratis
326 3473 385 3539 scd
397 3474 566 3578 praecipue
576 3495 618 3537 ex
628 3473 751 3536 itinere
763 3403 1011 3538 llurcdelliano.
1027 3469 1112 3534 Clar.
1129 3481 1162 3532 et
1175 3461 1316 3530 amicissi

171 3615 177 3630 .
232 3564 413 3648 tamenim
429 3563 622 3630 Guilelmus
638 3561 797 3628 Burclrell
825 3581 885 3653 per
907 3559 1071 3650 plurimos
1098 3579 1205 3660 annos
1214 3553 1329 3708 plagas

231 3664 396 3746 capenses
421 3672 455 3718 et
476 3655 589 3719 Cafras
613 3651 803 3718 indefessus
833 3651 1065 3741 perlustravit,
1083 3665 1118 3714 et
1138 3648 1189 3711 rbr
1238 3655 1330 3710 etextt

234 3751 353 3838 stirpes
377 3745 573 3848 innumeras
592 3740 727 3810 mox'ab
741 3743 800 3808 illo
818 3741 967 3807 editurus
981 3756 1016 3805 et
1027 3759 1160 3804 mecum
1177 3729 1329 3802 benevole

237 3853 513 3906 communicatas.
526 3864 529 3870 ¹

280 3932 353 3996 Drv.
378 3926 550 3991 sectiones
575 3925 760 4004 naturales,
790 3925 824 3986 in
847 3939 1018 4010 posterum
1047 3914 1277 3984 verosimiliter
1296 3923 1328 3974 ut
