2850 4634
216 287 291 369 do.
437 285 684 354 DICOTYL.
720 305 800 353 seu
832 284 1105 353 EXOGENAE.

216 405 281 471 bus
297 405 474 488 solitariis,
488 429 580 470 nuno
603 405 811 470 farinaceum
830 405 866 468 in
888 404 1077 470 seminibus
1100 404 1328 492 carpellorum

217 495 521 586 polysperrnorum.
537 495 684 582 Embryo
709 517 846 583 parvus,
860 494 1221 584 turbinatoglobosus,
1235 511 1329 560 extra

216 585 376 650 albumen
401 585 444 650 ad
461 585 557 650 basin
574 585 712 650 seminis
736 585 841 668 situs,
863 585 944 650 ideb
967 585 1133 650 infructu
1152 586 1331 666 inversus,

217 677 327 764 prima
356 677 468 740 l'ronte
498 675 685 754 indivisus,
714 675 866 740 inclusus
897 678 1020 763 nempe
1048 676 1085 748 in
1114 674 1248 739 sacculo
1268 697 1332 740 seu

216 765 414 830 membrana
428 767 562 854 propria
575 782 608 830 et
620 767 710 830 intus
723 765 941 855 cotyledones
954 786 971 830 a
983 765 1141 831 ioliaceas
1152 762 1333 847 exhibens,

217 853 388 920 interdum
402 873 480 922 ante
492 858 660 920 seminum
677 855 852 944 delapsum
866 856 1072 950 germinans.

261 945 344 1010 Vre.
368 947 487 1012 Herbse
505 969 667 1034 aquarum
687 946 946 1034 tranquillarum
960 962 1019 1010 aut
1037 946 1129 1009 lente
1144 944 1331 1010 fluentium

217 1035 537 1118 incolae‚radicibus
564 1035 697 1101 librosis
722 1036 830 1100 humo
855 1037 891 1100 in
918 1057 1012 1123 aquae
1037 1034 1146 1100 fundo
1169 1035 1331 1123 alligatae,

215 1148 317 1192 srrroo
333 1119 453 1215 siepilrs
466 1128 665 1191 lactescente
678 1125 690 1213 (
701 1125 819 1190 Salisb.
833 1125 846 1209 )
860 1125 956 1190 foetae'.
977 1126 1131 1190 Truncus
1150 1123 1332 1195 radicum·-

216 1217 282 1280 mis
300 1215 506 1304 (erizoma)
522 1231 626 1298 teres,
649 1215 926 1304 subirregularis‚
947 1215 1091 1305 simplex
1112 1237 1334 1298 ramosusve,

217 1306 364 1391 crassus,
389 1307 626 1389 horizontalis‚
655 1305 816 1394 obliquus
850 1322 909 1372 aut
937 1306 1148 1389 suberectus,
1169 1305 1205 1368 in
1231 1329 1332 1393 squae

142 1413 148 1422 ⁴
216 1396 327 1464 fando
357 1395 529 1478 radicans,
551 1396 643 1462 inths
669 1397 849 1461 lseuuosus
875 1411 911 1463 et
932 1413 1133 1462 structuram
1151 1397 1333 1483 vlixogenis

215 1489 390 1578 propriam
405 1487 469 1550 sub
482 1486 633 1551 sectione
654 1487 866 1553 transversali
888 1487 1064 1554 exhibens.
1089 1485 1213 1551 Petioli
1232 1507 1332 1549 secus

216 1591 376 1641 tnrncum
389 1577 525 1658 alterni,
537 1577 608 1641 bosi
618 1579 704 1666 saepe
714 1577 910 1642 subdilatati
922 1579 959 1641 in
970 1578 1124 1667 vaginam
1137 1575 1334 1664 spathaefon

219 1689 328 1746 mem,
345 1683 466 1733 teretes
480 1682 538 1731 aut
548 1666 781 1757 subangulati,
796 1669 889 1732 inths
902 1668 1055 1733 lacunosi
1065 1665 1169 1750 ‚adeo
1180 1666 1333 1755 elongati

217 1774 258 1828 ut
275 1757 403 1823 limbus
428 1759 505 1836 folii
529 1758 573 1820 sit
593 1773 651 1822 aut
667 1779 768 1846 supra
788 1776 910 1845 aquam
928 1774 1046 1823 natans
1063 1774 1123 1822 aut
1138 1773 1230 1822 extra
1255 1779 1332 1820 eam

216 1848 338 1938 paulo,
350 1847 409 1913 sed
423 1850 458 1912 in
473 1847 584 1938 specie
599 1852 734 1936 quaque
749 1859 957 1932 constanter,
973 1863 1132 1914 ersertru.
1157 1847 1253 1911 Folia
1295 1867 1334 1910 er

217 1940 452 2004 vernationem
464 1937 649 2004 involutius
660 1988 669 2021 ,
681 1939 764 2027 pelti
772 1957 829 2004 aut
840 1940 948 2005 rarius
961 1938 1195 2029 palmi-nervia
1205 1953 1238 2002 et
1250 1869 1333 2002 ideo

217 2030 345 2119 peltata
360 2029 550 2113 cordatave,
561 2031 724 2098 auriculis
737 2033 860 2120 nempe
871 2053 964 2095 nuno
978 2028 1111 2094 coalitis
1131 2049 1222 2092 nuno
1238 2027 1333 2092 libe·

217 2122 285 2203 ris,
303 2120 667 2210 marginibus'integris
686 2121 888 2201 dentatisre,
905 2119 1082 2210 superficie
1105 2118 1211 2182 infer-l
1226 2119 1329 2184 raris-

217 2211 303 2276 sime
318 2211 523 2300 pubescente
535 2228 569 2276 et
580 2211 779 2276 stomatibus
794 2211 974 2295 destituta,
986 2209 1107 2299 supera
1123 2207 1231 2271 nitide
1242 2231 1331 2272 sem·

217 2324 281 2391 per
295 2301 408 2391 glabra
429 2317 462 2367 et
477 2301 675 2366 stomatibus
699 2303 890 2366 innumeris
907 2301 1079 2371 instructa.
1104 2297 1292 2362 Pedunculi
1309 2301 1329 2362 ὸ

217 2407 342 2456 trunco
363 2394 446 2476 orti,
461 2393 614 2456 axillares
629 2406 688 2456 aut
710 2392 812 2481 paulb
834 2395 933 2481 suprh
953 2392 1127 2472 exiliores,
1145 2405 1183 2451 ut
1208 2389 1332 2477 petioli

220 2482 369 2572 elongati
384 2481 546 2572 usquead
562 2505 656 2574 aquae
667 2480 882 2572 superficiem
904 2499 963 2548 aut
981 2483 1083 2572 paulo
1099 2482 1199 2568 supra
1211 2479 1333 2543 ebrac-

220 2573 441 2656 teati,inti1s
467 2572 619 2638 lacunosi
631 2621 642 2654 ,
673 2572 945 2638 constantissime
973 2571 1126 2635 unillori.
1155 2568 1270 2633 Flores
1294 2569 1334 2632 in

220 2663 428 2729 oestivatione
443 2661 632 2746 imbricati,
650 2663 771 2752 ampli,
783 2663 969 2752 Magnolias
983 2662 1133 2727 Paeonias
1146 2660 1335 2748 Papavera-

220 2775 337 2819 eeasve
352 2753 468 2842 plenas
492 2754 703 2834 aemulantes,
723 2775 800 2818 aere
814 2755 925 2817 libero
938 2775 1031 2816 nune
1047 2751 1091 2814 ad
1105 2773 1198 2838 aqum
1214 2771 1334 2838 super·

219 2841 332 2908 ficiem
357 2867 450 2908 nuno
470 2844 574 2932 paulo
595 2847 696 2932 supra
719 2844 877 2933 expansi,
896 2844 990 2907 horis
1013 2843 1133 2930 saepius
1155 2840 1333 2903 matutinis
1403 2873 1407 2878 ·

220 2931 389 3000 florentes.
414 2936 557 2999 Fructus
577 2931 781 3022 pedunculis
809 2948 885 3029 pesp
906 2932 1064 2998 anthesin
1082 2928 1215 2994 inflexis
1241 2931 1333 2992 intra

178 3037 182 3054 ·
210 3043 342 3110 ¹uquam
362 3024 514 3093 immersi
530 3039 564 3087 et
580 3025 616 3085 in
632 3039 750 3110 partu,
764 3037 839 3087 toro
858 3023 988 3086 scilicet
1001 3041 1148 3109 expanso
1161 3018 1334 3084 stellatlm·

219 3133 289 3201 que
305 3106 533 3200 irregulaliter
556 3126 710 3200 patente,
726 3112 871 3200 carpello
887 3111 1115 3200 putrescentia
1133 3109 1331 3174 liberantes.

266 3201 357 3265 Hrsr.
384 3201 520 3266 Veteres
544 3202 794 3290 cognoscebant
817 3202 1074 3291 Nymphaeaceas
1105 3200 1144 3282 5,
1169 3203 1330 3288 nempeo

220 3291 399 3378 Europoeas
416 3290 453 3354 in
469 3291 596 3365 Graeoid
607 3293 761 3382 vulgares
779 3291 1011 3357 hDioscorido
1026 3292 1235 3380 designatas,
1254 3305 1289 3352 et
1310 3290 1330 3353 3

219 3395 302 3450 tuno
315 3382 352 3443 in
372 3382 523 3471 AEgypto
541 3397 757 3472 spontaneas,
772 3382 809 3445 in
829 3383 1073 3471 antiquissimis
1098 3380 1332 3445 monumentis

222 3471 431 3559 exsculptus,
451 3473 520 3559 jam
548 3473 591 3536 ab
616 3472 790 3538 Herodoto
814 3521 824 3556 ,
848 3473 1011 3538 Atheneo
1037 3489 1072 3536 et
1097 3470 1333 3559 Theophrasto

221 3577 423 3637 memoratas
447 3579 481 3626 et
494 3561 538 3627 de
551 3563 675 3650 quibus
691 3564 821 3652 optime
832 3562 992 3627 disseruit
1003 3564 1045 3627 cl.
1062 3561 1171 3624 Delile
1185 3562 1220 3622 in
1233 3561 1259 3624 F
1261 3560 1334 3624 loul

221 3655 282 3726 sua
305 3651 484 3740 egyptiaca
508 3651 561 3740 (p.
580 3651 738 3742 159-169.
751 3670 775 3717 t.
791 3655 845 3718 60.
859 3653 899 3717 Gr
912 3655 934 3738 ).
958 3653 1036 3717 Post
1057 3650 1275 3715 scientiarum
1297 3651 1334 3713 in

223 3739 358 3828 Europa
366 3741 568 3814 occidentali
582 3744 860 3810 restaurationem
875 3743 1152 3832 Nympheareaeh
1164 3740 1337 3804 veteribus

223 3831 365 3918 cognitae
379 3831 440 3906 dih
456 3832 568 3898 oblita
589 3849 835 3898 remanserunt.
859 3833 1006 3896 Bauhini
1020 3845 1189 3896 noverunt
1200 3835 1335 3893 tantum

223 3918 349 4016 speeies
367 3921 386 3988 3
396 3971 405 4002 ,
434 3923 695 3996 'fournefortius
714 3925 835 4012 etipse
860 3923 1016 3986 Linnaeus
1030 3923 1052 3999 4
1065 3937 1125 3984 aut
1144 3920 1181 4003 5,
1199 3919 1334 3985 Wilde·

221 4010 353 4088 stultius
367 4035 404 4082 u
418 4060 428 4098 ,
443 4012 646 4092 Persoonius
664 4015 724 4098 13,
742 4035 835 4084 nunc
851 4011 893 4080 30
907 4011 1041 4086 circiter
1049 4028 1137 4079 notae
1151 4026 1247 4095 sunt,
1260 4033 1334 4078 non
