2850 4634
470 291 876 364 NYMPHAEACEAE.
1179 296 1223 378 dt

116 415 304 484 numeratis
328 413 443 479 adhuc
467 412 645 504 speciebus
679 414 855 478 nonnullis
881 412 1041 478 inlibris
1065 415 1230 480 nonsatis

115 511 227 576 uncte
241 504 441 593 designatis.

154 599 269 662 Dasrn.
292 617 417 660 erosa.
441 591 691 682 Nymphaenceae
704 593 836 658 etiamsi
850 615 969 679 omues
983 595 1144 682 aquatica)
1158 615 1229 659 non

112 687 284 755 obediunt
301 683 532 750 observationi
547 687 564 746 i
583 684 741 772 plurimis
754 685 920 749 Botanicis
935 683 1114 750 dePlantis
1125 707 1230 772 aqua·

113 779 187 843 ticis
213 776 340 842 iisdem
365 777 401 840 iu
420 773 671 840 distantissimis
692 773 784 838 orbis
806 776 958 863 partibus
985 775 1182 864 spontaneis
1199 791 1233 838 et

114 891 238 934 omnes
252 868 320 930 lere
333 863 593 954 unicaeregioni
606 878 686 927 sunt
695 865 851 952 propriae.
866 866 915 929 Ex
926 865 968 928 iis
983 867 1116 953 Europa
1127 865 1187 927 alit
1198 865 1232 944 4,

93 957 95 963 ’
117 953 572 1048 AEgyptusaetutridetur
585 953 667 1019 ollm
688 956 725 1034 3,
739 953 864 1018 Sibiria
884 975 918 1036 a,
940 954 1018 1017 Asia
1047 953 1192 1020 calidior
1214 958 1234 1018 i

124 1071 222 1114 mare
245 1047 357 1134 Caspio
380 1044 424 1108 nd
450 1044 627 1134 Japouiam
653 1065 762 1131 usque
780 1065 820 1131 9,
845 1045 1000 1109 America
1028 1043 1173 1108 borealis
1193 1065 1233 1129 9,

125 1137 247 1202 Insula
262 1135 410 1200 Caribeae
432 1133 590 1220 adjuncti
604 1151 698 1224 parte
720 1135 881 1198 Americae
903 1134 1057 1198 australis
1068 1132 1182 1197 vicini
1195 1135 1234 1214 4,

120 1227 234 1292 Africa
249 1227 412 1316 (inpensis
431 1248 458 1290 1.
475 1225 584 1290 Nullae
609 1223 689 1290 ideo
711 1223 783 1290 fere
806 1223 930 1289 adsunt
949 1225 986 1289 in
1005 1224 1235 1313 llemisphaera

117 1317 266 1382 australi.

162 1407 244 1473 Vra.
266 1409 400 1474 Trunci
427 1407 660 1472 radicilormes
686 1405 699 1495 (
724 1409 761 1472 iu
791 1407 1052 1496 Pharmacopeis
1092 1403 1235 1469 Radices

118 1495 236 1582 dicti)
255 1515 287 1562 et
301 1499 420 1564 Flores
436 1499 500 1587 ipsi
514 1500 584 1585 jam
599 1498 641 1562 ab
660 1498 906 1586 antiquissimis
920 1496 1130 1586 temporibus
1147 1494 1237 1558 inter

119 1587 297 1653 Narootica
322 1604 547 1654 numerantur
566 1603 601 1652 et
619 1587 792 1652 interditm
819 1587 926 1652 hodie
951 1588 987 1650 in
1011 1609 1075 1650 usu
1100 1583 1235 1649 medico

114 1677 232 1742 adhuc
247 1679 476 1767 recipiuntur.
491 1679 535 1742 Hi
551 1679 663 1742 trunci
677 1694 757 1742 sunt
768 1678 877 1742 l'eculd
894 1677 1008 1759 farcti,
1021 1676 1189 1740 subamari
1203 1691 1237 1737 et

114 1767 455 1859 subadstringentes,
472 1785 549 1856 post
562 1768 708 1832 lotiones
724 1769 832 1832 varias
848 1766 974 1832 edules.
998 1766 1135 1830 Semina
1158 1781 1237 1846 supt
1262 1816 1266 1823 .

115 1859 221 1923 etiam
248 1859 422 1923 ferulacea
447 1874 482 1922 et
503 1859 586 1922 clim
613 1858 650 1922 iu
675 1858 827 1948 AEgypto
852 1859 944 1922 inter
968 1857 1071 1921 satira
1093 1869 1237 1943 recepta.

115 1947 282 2014 Plurimae
297 1948 429 2038 specics
441 1948 488 2012 eb
500 1946 623 2030 florum
638 1946 932 2037 pulchritudinem
945 1963 980 2012 et
989 1945 1237 2035 vegetationem

113 2039 314 2104 anomalam
331 2040 423 2102 inter
434 2038 562 2104 Herbas
576 2059 684 2102 sacras
696 2041 714 2101 i
725 2037 898 2104 veteribus
909 2035 1080 2128 AEgyptiis
1094 2050 1128 2100 et
1140 2033 1238 2099 Indi·

115 2131 204 2196 colis
217 2128 369 2194 adorato
383 2129 533 2193 filerunt.

164 2219 246 2286 Oss.
271 2219 370 2283 Circa
390 2219 594 2306 Embryonis
619 2235 821 2284 structuram
848 2235 882 2285 et
906 2219 986 2285 ideo
1011 2218 1099 2283 circa
1124 2237 1237 2281 veram

119 2309 389 2399 Nymphaeamm
415 2308 705 2377 classificutionem
722 2311 812 2374 inter
834 2333 870 2374 se
882 2310 980 2375 valde
996 2307 1240 2372 differuntBo·

118 2401 239 2465 tanici.
251 2400 302 2464 (ΙΙ.
315 2399 473 2464 Goertner
485 2399 704 2488 embryonem
730 2399 917 2466 indivisum
930 2417 964 2464 et
978 2398 1057 2464 idei)
1075 2415 1239 2461 monoco-

122 2489 347 2579 tyledoueum
378 2488 567 2554 declaravit.
594 2491 728 2554 Primus
751 2511 814 2579 ego
834 2513 925 2555 auno
952 2489 1036 2554 1802
1061 2491 1098 2552 in
1122 2485 1240 2550 notula

122 2579 326 2646 brevissimi
346 2577 393 2665 (1)
406 2579 562 2642 nuntiavi
575 2579 796 2668 embryouem
817 2580 1009 2669 Nymphaea
1024 2595 1057 2643 et
1068 2575 1240 2666 Nupltaris

131 2669 291 2757 singulari
306 2667 415 2732 modo
433 2668 601 2733 inclusum
619 2692 688 2734 esse
710 2686 958 2760 integumento
977 2689 1116 2757 proprio
1138 2681 1173 2730 et
1198 2686 1241 2728 eo
1335 2683 1343 2696 ·

137 2775 227 2822 secto
238 2743 533 2846 dicotyledoireurn
548 2761 663 2824 reveri
679 2781 749 2823 esse
765 2761 996 2849 comprolravi5
1007 2757 1109 2846 paulo
1126 2756 1241 2845 postea

137 2847 176 2911 cl.
191 2847 310 2913 llirhel
325 2848 456 2914 detexit
473 2847 519 2935 (a)
540 2849 761 2940 embryonem
781 2848 957 2913 Nelumbii
981 2844 1242 2935 cotyledonibus

136 2935 265 3002 duabus
290 2939 410 3003 crassis
433 2955 606 3022 constare3
625 2961 717 3004 anno
745 2939 831 3004 1806
857 2938 900 3002 cl.
922 2937 1094 3024 Salisbury
1110 2933 1243 3023 egregie

127 3027 452 3119 Nymphaeacearum
465 3029 621 3095 ordinem
644 3029 821 3094 constituit
835 3026 884 3118 (3)
903 3043 937 3093 et
956 3025 1031 3103 sine
1045 3025 1117 3090 ullo
1134 3023 1240 3088 dubio
1298 3081 1300 3086 .

128 3120 215 3184 inter
237 3119 523 3208 Dicotyledoneas
547 3119 753 3202 collocavit3
775 3119 895 3184 eodem
920 3134 1011 3189 anuo
1034 3117 1077 3181 cl.
1109 3113 1241 3203 Turpin

125 3209 307 3275 Nelumbii
325 3209 410 3274 lutei
435 3209 582 3274 fructum
604 3211 734 3298 optime
755 3210 934 3299 descripsit
951 3207 998 3296 (4)
1012 3206 1072 3272 sed
1095 3205 1241 3271 dubium
1278 3237 1310 3276 ,-

127 3323 197 3365 non
212 3300 319 3366 solvit
334 3299 378 3365 de
391 3304 556 3364 structuri
580 3301 795 3388 embryouis3
814 3323 905 3364 anno
926 3297 1011 3364 1808
1028 3299 1103 3385 ejus
1117 3293 1242 3360 sodalis

127 3391 170 3454 cl.
194 3391 337 3456 l‘oitcau
357 3387 405 3484 (5)
422 3387 573 3476 ejusdem
604 3391 727 3479 plantae
755 3412 870 3455 semen
890 3390 1242 3479 germinationemque

128 3479 247 3544 denuo
274 3479 455 3568 descripsit
470 3496 504 3544 et
518 3478 674 3568 probavit
696 3480 918 3569 embryonem
939 3494 1090 3544 constare
1109 3475 1241 3562 cotyle-

129 3567 282 3632 donibus
302 3593 322 3634 a
342 3569 460 3634 crassis
483 3570 574 3633 iutirs
600 3571 796 3641 membrano
820 3569 977 3659 stipulari
995 3565 1166 3632 instructis
1183 3563 1243 3628 sed

177 3783 199 3845 t)
214 3783 388 3845 Bullphilonr.
400 3783 422 3828 ³.
435 3797 459 3829 n.
469 3783 542 3844 57.p·
556 3781 608 3829 168.
620 3791 640 3833 t.
650 3783 673 3830 3.
687 3782 703 3830 s.
718 3783 741 3830 3.

158 3783 199 3914 i’)
216 3850 276 3895 uutt.
286 3847 386 3909 phitom.
395 3849 446 3894 lor.
456 3851 496 3894 cit.
507 3857 531 3894 et
541 3847 630 3894 sutton
642 3847 681 3894 ed.
693 3847 831 3895 Deterrille.
841 3863 866 3895 r.
878 3862 900 3909 7·
909 3863 935 3911 p.
948 3846 1001 3909 157.

159 3915 198 3974 (3)
213 3915 275 3963 dnn.
290 3913 345 3958 bot.
362 3912 430 3962 1806.
438 3928 463 3974 p.
473 3928 514 3972 7⁰·
895 3916 902 3928 '

162 3981 201 4042 (t)
217 3983 280 4025 Anu.
292 3993 355 4025 mua,
372 3977 427 4024 hist.
437 3988 485 4024 nat.
496 3981 549 4024 l’ar.
560 3994 583 4036 7.
596 3994 621 4040 p.
633 3991 689 4025 aro.
698 3990 717 4026 t.
733 3993 771 4026 rt.
781 3977 798 4024 i.
808 3991 847 4037 ³7·

163 4043 200 4108 (5)
215 4046 349 4092 humus.
362 4041 418 4100 hist.
427 4053 476 4100 nat.
489 4045 543 4101 Par.
556 4043 594 4093 13.
604 4059 629 4111 p.
639 4043 695 4107 395.
707 4055 724 4090 t.
731 4058 770 4112 aq.
