2850 4634
244 224 312 305 hio
392 198 395 205 '
460 219 1120 310 n1coru1,.ssusxoonnn.
1155 290 1158 296 ,
1194 265 1198 276 .

243 344 329 407 sime
344 340 466 419 abortu
491 338 649 421 evanida,
664 337 824 420 decidua,
836 340 872 403 in
889 337 1030 405 floribus
1048 339 1160 430 plenis
1175 342 1286 431 sepiis
1300 347 1331 411 ln

244 434 436 523 petalorum
467 430 644 496 fasciculos
669 444 708 495 ut
731 429 875 494 stamina
898 430 971 519 ipsa
995 445 1133 503 mutata.
1155 430 1295 499 Stamina
1314 437 1333 501 6

245 526 320 589 to'ro
342 522 481 602 inserta,
495 520 664 587 rarissime
683 536 718 586 et
736 520 858 584 abortu
872 522 894 597 4
906 535 966 584 aut
988 512 1008 586 i
1025 518 1184 605 evanida,
1204 524 1334 613 tetrady.

244 636 401 694 nomm
427 626 504 677 ante
528 610 677 675 lateralia
701 610 814 700 sepala
832 608 982 676 solitaria
1000 610 1158 676 breviora
1181 611 1335 687 interdius

245 702 348 767 dente
367 700 459 767 intus
475 716 587 783 aucta,
602 690 623 779 A
637 700 792 789 longiora
808 700 976 789 geminata
990 716 1069 766 ante
1089 699 1202 790 sepala
1215 702 1334 789 placen·

247 791 347 875 teria,
363 790 544 880 sepissime
563 790 654 856 inter
674 812 711 855 sc
731 790 860 870 libera,
884 788 1057 855 interdum
1077 806 1221 856 connata
1235 792 1334 859 autad

245 882 333 946 latus
345 880 486 945 interius
503 879 648 945 dentata.
664 880 824 946 Antherac
833 880 1054 962 biloculares,
1068 879 1231 946 introrste.
1242 881 1336 947 'lorus

244 970 421 1063 glandulas
444 969 572 1037 virides
592 970 731 1036 callosas
753 971 860 1035 varias
885 971 975 1035 inter
1002 970 1112 1061 petala
1139 985 1175 1036 et
1194 970 1336 1060 genitalia

245 1082 374 1151 gerens.
405 1060 557 1151 Carpella
585 1058 656 1125 duo
681 1062 773 1125 arcte
798 1060 835 1124 in
861 1059 1030 1151 pistillum
1052 1060 1198 1125 unicum
1222 1060 1336 1125 coalita.
1377 1069 1378 1120 ζ

242 1151 403 1216 Ovarium
433 1174 467 1233 1,
490 1172 582 1229 nunc
608 1149 858 1234 abbreviatum,
886 1172 980 1215 nunc
1002 1150 1210 1240 elongatum.
1238 1149 1335 1237 Stylus

242 1241 365 1305 unicus
379 1240 489 1306 brevis
505 1240 566 1311 ubi
581 1240 736 1321 orarium
750 1240 911 1331 longum,
928 1240 1105 1330 elongatus
1120 1240 1185 1305 ubi
1200 1238 1335 1306 orarium

136 1366 139 1371 ·
243 1331 357 1397 breve.
374 1330 534 1421 Stigmata
546 1350 564 1394 2
578 1354 670 1397 nunc
680 1331 846 1419 patentia,
856 1352 949 1409 nunc
959 1330 1203 1419 approximata-
1211 1328 1338 1394 Fructus

171 1465 176 1475 ·
241 1421 440 1508 siliquatus‚
464 1443 557 1485 nunc
585 1421 662 1486 elon
687 1435 761 1485 atus
784 1437 820 1488 et
842 1437 925 1487 tunc
949 1420 1073 1509 Siltiyua
1094 1419 1240 1501 dicitur,
1259 1440 1339 1483 nunc

242 1510 456 1589 abbreviatus
489 1525 523 1577 ct
550 1526 632 1576 tunc
675 1510 814 1591 sicula,
844 1512 954 1581 rarius
986 1508 1188 1583 selocularis
1215 1508 1341 1588 cvalris,

132 1622 137 1635 ·
244 1602 365 1689 saepibs
396 1600 590 1669 bilocularis
614 1599 777 1683 bivalvis5
792 1600 914 1665 loculis
941 1618 1039 1690 septo
1058 1598 1266 1669 verticaliter
1287 1596 1341 1660 sito

243 1689 421 1779 separatis,
435 1690 575 1756 valvulis
589 1690 700 1779 planis
715 1692 872 1756 concavis
886 1690 1087 1755 carinatisvc
1099 1686 1343 1779 longitudiuali-

243 1796 297 1845 ter
318 1778 573 1845 dehiscentibus
592 1794 652 1845 aut
676 1780 785 1845 rarius
806 1783 994 1846 transverse
1012 1777 1269 1846 dehiscentibus
1292 1798 1341 1840 sen

243 1869 316 1934 imb
336 1868 646 1953 indehiscentibus3
666 1886 762 1960 septo
784 1869 1342 1957 membranaceo,utrinquenervo
1377 1885 1378 1890 ¹

241 1960 450 2049 placentario
476 1958 714 2045 circumdato,
738 1958 912 2041 interdism
941 1960 1023 2026 stria
1048 1974 1109 2026 aut
1132 1959 1219 2024 rima
1242 1952 1342 2021 medii

243 2056 380 2133 notato,
401 2049 580 2115 latiusculo
595 2049 632 2115 in
648 2050 816 2120 fructibus
836 2048 980 2129 valvulis
995 2048 1110 2137 planis
1128 2047 1279 2126 donatis,
1289 2068 1341 2109 an·

176 2132 187 2147 “
243 2156 342 2228 gusto
365 2162 444 2204 cum
467 2140 610 2205 valvulis
636 2140 812 2223 carinatis3
826 2140 956 2220 fructus
983 2137 1064 2220 ldeb
1089 2158 1299 2230 compressus
1320 2134 1344 2199 si

243 2245 377 2318 septum
393 2230 499 2294 latum
514 2246 548 2295 et
561 2230 701 2296 valvulae
712 2232 838 2320 plane,
855 2227 1031 2321 depressus
1044 2230 1073 2295 si
1086 2245 1225 2319 septum
1234 2247 1346 2315 angus·

243 2333 317 2382 tum
331 2335 365 2383 ct
377 2320 516 2383 valvulae
536 2320 709 2404 carinatoe,
721 2336 809 2386 teres
824 2320 854 2385 si
868 2335 1002 2409 septum
1020 2320 1157 2385 lineare
1174 2334 1211 2385 et
1222 2314 1347 2383 valvulae

246 2430 398 2473 concavae
417 2404 1010 2500 semi-cylindricm,quadrangulare
1024 2410 1054 2475 si
1074 2425 1214 2500 septum
1232 2408 1349 2472 lineare

246 2512 281 2562 et
306 2496 445 2577 valvnlae
473 2499 598 2589 angulo
626 2499 762 2565 circiter
785 2514 878 2565 recto
902 2499 1224 2589 plicato-meinata
1249 2495 1349 2585 stylus

244 2587 394 2652 fructum
419 2590 540 2677 sapius
567 2610 748 2681 superans,
761 2611 856 2655 nunc
876 2588 1097 2661 brevissimus
1125 2590 1199 2655 scre
1224 2586 1350 2664 nullus,

245 2698 340 2741 nunc
355 2676 541 2761 filiformis,
557 2702 650 2749 nunc
665 2678 742 2770 plus
769 2679 926 2745 minisve
949 2678 1111 2769 turgidus
1126 2676 1351 2744 autdilatatus

245 2782 281 2831 et
307 2766 377 2833 basi
400 2769 553 2835 loculum
578 2790 787 2861 1·spermum
822 2768 1095 2836 indebiscentem
1122 2769 1265 2848 fovens3
1280 2761 1352 2829 indi

245 2858 375 2923 fructus
388 2858 561 2925 interdbm
571 2858 674 2925 biaut
684 2859 807 2937 abortu
820 2857 1061 2941 unilocularis,
1080 2880 1122 2923 su
1150 2860 1235 2923 erne
1247 2851 1353 2921 loculo

147 3014 149 3023 ,
246 2946 351 3011 altero
365 2949 479 3037 stylari
491 2965 681 3016 coronatus.
696 2949 835 3013 Semina
848 2949 885 3012 in
900 2970 1039 3037 quoque
1047 2881 1167 3013 loculo
1180 2946 1227 3013 ad
1239 2962 1353 3012 utram·

245 3058 313 3123 que
325 3037 514 3126 placentam
530 3036 657 3119 adfixa,
673 3038 856 3125 saepissime
867 3036 1033 3126 pendula,
1044 3037 1223 3103 rarissime
1243 3052 1278 3102 et
1288 3034 1351 3099 for·

245 3146 305 3189 san
329 3131 458 3191 tantum
485 3126 605 3190 abortu
620 3126 791 3206 solitario,
807 3127 928 3215 saepius
955 3127 992 3190 in
1023 3149 1165 3215 quoque
1189 3126 1354 3201 loculos,

247 3218 347 3299 dete.
373 3231 407 3280 et
429 3215 508 3281 ideo
536 3214 703 3303 (exceptis
731 3214 863 3279 casibus
882 3215 1153 3283 accidentalibus
1174 3239 1219 3283 ex
1238 3215 1354 3281 abortu

245 3304 352 3391 ortis)
368 3327 501 3393 semper
513 3326 665 3391 numero,
678 3305 752 3393 pari
767 3303 950 3396 dispositis.
961 3306 1123 3371 Funiculi
1141 3304 1356 3373 umbilicalcs

245 3394 364 3482 saepibs
387 3394 506 3476 liberi,
521 3392 694 3459 interdum
719 3411 815 3486 septo
838 3395 965 3462 adnati.
980 3396 1248 3486 Spermoderma
1270 3414 1354 3460 oras·

246 3483 451 3566 siusculum,
467 3488 562 3548 estiis
575 3501 614 3550 ut
627 3482 763 3549 videtur
774 3484 933 3574 pelliculd
948 3486 1098 3551 cinctum
1108 3508 1209 3552 nunc
1222 3484 1357 3575 adpres-

247 3573 397 3657 sissimd,
410 3596 503 3637 nunc
524 3574 560 3637 in
585 3574 671 3638 alam
688 3576 978 3641 membranaceam
1000 3578 1167 3665 expansi,
1189 3598 1288 3641 nunc
1302 3594 1358 3661 per

246 3683 340 3751 aquae
358 3664 613 3731 imbibitionem
636 3665 842 3731 reticulatim
865 3666 1108 3757 mucilaginosd
1121 3664 1360 3754 'gelatinoslve

245 3754 341 3819 licta.
354 3754 525 3821 Albumen
537 3754 681 3819 nullunt'.
693 3755 841 3844 Embryo
851 3756 1001 3838 oleosus,
1009 3771 1181 3821 curvatus.
1195 3750 1360 3819 Radicula

248 3860 351 3922 teres,
371 3842 578 3927 subconica,
606 3844 649 3911 ad
675 3844 876 3910 umbilicum
902 3844 1054 3912 tendens.
1083 3842 1359 3933 Cotyledonesa

247 3934 427 4043 oppositae,
441 3957 542 4026 super
566 3934 757 4005 radiculam
781 3934 923 4023 diversis
947 3934 1063 4028 modis
1080 3956 1222 4029 prone,
1240 3930 1363 4020 υθωΡὸ

1302 4218 1309 4286 l

1302 4297 1310 4332 l
