2850 4634
242 363 312 437 518
460 365 719 436 DICOTYL.
745 383 816 434 sen
842 360 1122 438 EXOGENAE.

271 480 427 552 (notuit
446 479 552 537 Tauriis
566 481 689 549 (stet),
704 479 738 536 sd
758 483 978 554 promontorium
995 483 1101 536 Caucasi
1118 483 1301 554 septentrionalis

272 551 406 622 (nsua),
422 550 457 603 ad
468 551 583 604 Tanaim
596 551 760 624 (Goldbacla)
779 565 806 605 et
819 552 935 622 Volgum
949 557 959 621 (
968 559 1048 612 Suueu
1066 591 1072 606 .
1093 553 1131 624 II.
1148 552 1173 606 fl.
1190 555 1296 608 muio'nn

236 621 323 678 mdix
335 620 488 693 profundo,
505 621 755 692 perpendicularis,
770 635 844 678 etate
863 623 1034 704 lipnescens(
1063 645 1084 676 r.
1093 625 1112 694 ).
1126 621 1208 676 Cauiis
1218 625 1253 692 gli
1281 645 1304 690 r,

270 712 407 757 ramosus,
421 692 452 744 in
470 693 530 744 loco
543 693 639 763 pingui
655 694 797 764 elongatus
812 691 925 758 debilis,
944 694 1005 747 loco
1024 693 1099 746 arido
1112 693 1198 746 firmus
1210 695 1303 746 brevior.

271 763 345 818 Folia
357 762 465 831 Binbra,
478 763 597 815 obovato
609 782 656 816 eeu
668 763 963 834 oblongo-lanceolata,
976 778 1069 828 acuta,
1082 776 1188 827 serrata,
1199 763 1248 818 basi
1257 777 1307 816 ute·
1375 811 1376 826 ,

219 849 225 883 ι
271 844 352 887 nuatn
363 832 469 902 integra
479 831 640 887 subcordate
652 847 680 888 et
691 834 820 892 auriculis
834 834 938 887 obtusis
956 833 1171 906 amplexicuulia;
1184 851 1271 886 summu
1281 833 1307 884 li·
1375 847 1376 926 p

270 902 359 955 nearia
367 942 376 968 ,
385 916 477 966 acuta,
489 915 603 966 serrata,
618 902 902 958 cordato-auriculum.
921 905 1028 958 liscerui
1040 922 1074 956 ex
1085 903 1169 956 axillis
1181 903 1227 956 orti
1236 915 1259 954 et
1268 921 1306 972 op·

269 971 428 1092 posidium,
444 973 542 1032 erecti,
553 973 739 1044 pedunculati.
759 973 886 1026 Pedicelli
909 974 1067 1040 blismurus,
1086 973 1233 1036 ebructrati‚
1246 977 1259 1034 4
1270 972 1308 1022 lin.

281 1043 356 1111 origi.
375 1043 462 1114 Culyx
480 1055 591 1114 patens,
610 1044 707 1114 sepelis
726 1044 850 1097 concavis
873 1043 995 1113 margine
1017 1042 1224 1095 membranaceis.
1241 1041 1309 1092 Petrla

268 1130 368 1184 parra,
389 1113 484 1166 oralia.
500 1111 616 1166 Silicule
633 1113 769 1184 globosae,
789 1114 981 1186 sesquilinearn
1000 1113 1140 1168 diametro.
1152 1111 1312 1184 Stylnlinun
1375 1125 1376 1158 i

270 1195 297 1234 et
308 1181 379 1235 ultra
390 1183 473 1253 longo
484 1183 630 1254 apiculate.
644 1183 753 1244 Semina
766 1203 798 1240 oo
805 1223 814 1252 ,
826 1201 919 1256 parva.
1375 1167 1376 1218 l

235 1249 337 1304 Habitu
348 1252 488 1306 interdbm
501 1251 604 1306 secedit
616 1251 649 1306 ad
659 1255 830 1307 Nasturtium
843 1253 1027 1325 smphihinm,
1037 1251 1083 1310 sed
1092 1248 1313 1306 faciledistiuctaob

269 1322 385 1376 siliculus
401 1322 524 1393 globosae
541 1335 712 1388 ueroeam,
731 1323 794 1377 folia
809 1324 867 1377 basi
883 1323 993 1377 cordata
1012 1324 1109 1377 obtuse
1124 1320 1259 1376 suriculata
1272 1337 1314 1370 rur·
1375 1349 1376 1370 r

270 1393 444 1464 plexicaulia,
458 1405 486 1446 et
497 1392 561 1446 alias
573 1395 667 1446 minius
677 1393 818 1448 evidentes
832 1406 920 1446 notas.

315 1657 577 1719 Eudema.l1urrs.
598 1672 627 1714 et
646 1659 759 1715 Borrn.
770 1661 815 1732 pl.
834 1657 930 1733 equire.
950 1675 977 1715 2.
990 1678 1024 1732 p.
1045 1653 1112 1716 133.
1126 1669 1143 1713 t.
1163 1653 1248 1712 12301
1262 1652 1305 1722 124

357 1771 400 1787 -
412 1734 520 1796 Drabos
537 1759 580 1816 sp.
596 1741 692 1796 Dnsv.
1057 1769 1062 1776 ,

277 1849 335 1912 Fu.
358 1846 460 1934 Caly:
475 1845 548 1909 basi
574 1845 721 1932 aequalis.
745 1845 858 1909 Petale
877 1845 949 1908 inte
974 1868 1019 1908 ra.
1034 1843 1217 1916 Filumenta
1236 1837 1318 1904 eden·

231 1938 314 2004 tulo.
329 1937 440 2024 Stylus
452 1934 632 2024 filifnrmis.
645 1935 784 2000 Silicula
796 1934 901 1998 uvalis
913 1869 1111 2015 subiuflnta,
1125 1949 1216 2020 septo
1233 1951 1319 1993 mern·

232 2027 399 2091 branaceo
427 2025 522 2112 apice
545 2025 747 2107 fenestram,
761 2025 865 2090 vulvis
885 2025 1061 2106 concavis,
1075 2022 1197 2089 loculis
1212 2041 1227 2084 2
1243 2019 1319 2107 poly-

231 2116 383 2204 spermis.
406 2114 543 2181 Semina
568 2114 694 2195 oralia,
710 2113 970 2204 cotyledonibus
986 2125 1049 2203 (ex
1072 2111 1189 2200 icone)
1209 2111 1318 2176 iusum·

232 2204 522 2293 bentibus(o{l).
637 2265 642 2277 ,
904 2215 910 2226 ’

274 2298 358 2362 Vns.
380 2296 501 2360 Herbae
516 2318 639 2392 parvae,
660 2295 855 2384 caespitosae,
868 2317 1048 2386 perennes.
1069 2292 1166 2359 Folia
1180 2289 1321 2364 conserta,
1375 2311 1376 2376 ί

229 2386 361 2468 ciliata,
376 2384 521 2470 sessilis,
533 2386 670 2469 obtusa,
685 2409 793 2476 parva.
809 2386 925 2452 Flores
939 2384 1118 2468 exiberes,
1136 2375 1319 2473 pedicellati‚
1375 2421 1376 2438 a

230 2476 398 2560 solitarii,
414 2475 498 2539 albi.
1375 2513 1376 2560 p

274 2568 359 2630 Hir.
385 2567 519 2654 Species
544 2565 651 2630 ambae
673 2565 815 2656 cognitae
838 2565 995 2632 habitant
1020 2565 1056 2628 in
1084 2562 1228 2656 rupibus
1247 2554 1321 2621 elutis

228 2655 382 2722 Andium
393 2652 668 2722 Peruvianarum.
1375 2685 1376 2734 p

273 2750 351 2813 Ons.
372 2745 525 2810 Eudemo
537 2768 616 2810 curu
640 2744 750 2809 Drabb
772 2746 954 2831 conjuncte
973 2743 1041 2810 tuit
1055 2746 1075 2808 ai
1088 2741 1131 2810 cl.
1144 2741 1284 2806 Decrius
1298 2747 1323 2796 et
1375 2741 1376 2782 ἕ

229 2837 341 2902 forsan
355 2858 425 2901 uon
441 2835 624 2900 immerito.
640 2833 766 2898 Differt
780 2849 892 2898 tamen
913 2836 958 2898 1⁰.
970 2833 1055 2922 stylo
1066 2833 1243 2920 elongato,
1258 2840 1323 2890 attu-
1375 2823 1376 2878 l

228 2951 307 2994 rnen
320 2928 379 2992 hic
391 2941 538 2990 caracter
547 2926 583 2988 in
596 2923 706 2988 Drabd
722 2923 856 2989 aizoide
873 2941 906 2989 et
921 2921 1084 2998 affinibus
1107 2922 1210 2986 etiam
1231 2917 1324 3013 obser·

226 3034 340 3102 vatur3
354 3021 404 3081 2⁰.
416 3015 558 3080 valvulis
569 3014 710 3080 siliculus
720 3015 875 3088 concaiis
887 3012 1001 3102 (quod
1015 3013 1052 3076 in
1065 3011 1178 3076 Drabi
1187 3003 1323 3073 vesicaui

227 3111 330 3174 etiam
346 3107 515 3195 reperitur
523 3104 558 3258 ἐς
573 3103 619 3168 3⁰.
641 3120 737 3194 septo
754 3106 850 3195 apice
875 3104 1057 3167 lunulatIm
1100 3101 1261 3176 erforato,
1279 3089 1324 3158 sed
1375 3113 1376 3116 ’

227 3199 356 3287 specics
383 3195 458 3261 durs
482 3217 521 3258 su
568 3194 635 3257 boc
651 3211 808 3284 respectu
831 3195 922 3258 inter
945 3215 980 3258 se
1004 3193 1056 3257 rel
1084 3197 1103 3257 ie
1130 3190 1326 3256 differuntur

225 3287 353 3376 species
366 3286 539 3353 nonnullae
551 3284 588 3347 in
602 3285 799 3350 Cucblearii
812 3283 1025 3348 autFarsetiai
1036 3283 1105 3348 hoc
1118 3281 1326 3372 pbaenomeno

227 3377 389 3443 iucaet'eris
409 3375 643 3464 distinguntur
660 3397 722 3440 uec
734 3391 847 3440 tamen
859 3374 1016 3463 generice
1034 3389 1117 3439 sunt
1136 3363 1326 3460 separande3

227 3474 271 3549 4⁰.
288 3464 546 3557 cotyledonibus
562 3465 842 3528 incumbentibus
861 3485 924 3528 nec
938 3461 1236 3540 accumbentibus5
1249 3470 1279 3519 at
1295 3471 1327 3514 et

226 3563 325 3625 icone
336 3559 465 3622 tantiun
478 3554 628 3619 eruenda
640 3570 690 3619 est
700 3554 772 3618 haec
784 3555 1024 3618 caracteristica
1037 3567 1117 3615 nota
1128 3567 1162 3616 et
1174 3551 1260 3626 icon,
1270 3547 1326 3632 jam

226 3651 423 3716 observante
441 3646 482 3710 cl.
497 3646 674 3727 Bromio,
688 3643 803 3732 quoad
815 3643 1009 3731 embryonis
1020 3643 1125 3706 situm
1140 3637 1272 3707 videtur
1282 3633 1326 3694 iu·
1375 3645 1376 3652 ’

226 3763 331 3806 versu.
341 3738 481 3802 Semina
493 3757 563 3799 non
580 3734 758 3800 observare
773 3735 861 3800 milri
875 3733 1018 3822 contigit
1040 3733 1076 3796 in
1094 3723 1329 3834 speciminibus

227 3831 342 3922 paucis
358 3850 450 3892 nunc
465 3827 501 3890 in
516 3825 675 3888 herbario
692 3827 735 3889 cI.
749 3821 982 3890 Humboltdtii
997 3837 1137 3888 servatis
1151 3835 1186 3884 et
1209 3831 1327 3879 mecum

227 3921 431 3991 amicissimis
455 3915 723 3980 communicatis.
745 3913 861 3980 Genus
876 3911 955 3978 ideo
973 3927 1006 3976 et
1023 3907 1136 4000 quoad
1153 3905 1325 4004 discrimen

126 3999 131 4012 ⁶
225 4013 367 4076 irDrabd
384 4025 417 4074 et
431 4013 450 4072 b
463 4003 660 4070 Cochlearii
683 4019 718 4068 et
731 4004 845 4090 quond
869 4001 1118 4068 ordinationem
1137 3999 1174 4064 in
1189 3989 1328 4062 Crucrle·

225 4125 337 4168 rarum
352 4100 480 4167 familiai
494 4147 505 4180 ,
521 4095 634 4165 adbuc
648 4093 807 4176 dubium.

419 1606 427 1638 ἱ
602 1518 737 1584 LVIII.
761 1517 980 1582 EUDEMA.

1375 2059 1376 2098 i
